<?xml version="1.0" encoding="UTF-8"?><collection xmlns="http://www.loc.gov/MARC21/slim"><record><leader>00499nam--2200157-i-4500</leader><controlfield tag="001">000008510</controlfield><controlfield tag="002">20161230</controlfield><controlfield tag="005">20170219233440</controlfield><controlfield tag="008">060222s1000------------r-----000-0-eng-d</controlfield><datafield ind1=" " ind2=" " tag="100"><subfield code="a">Bush, N. E</subfield></datafield><datafield ind1=" " ind2=" " tag="245"><subfield code="a">The micrometeorology of the turbulent flow fie ld in the atmospheric surface boundary layer</subfield></datafield><datafield ind1=" " ind2=" " tag="260"><subfield code="a">Copenhagen</subfield><subfield code="b">The Danish Academy Of Technical Sc Iences</subfield><subfield code="c">1968</subfield></datafield><datafield ind1=" " ind2=" " tag="300"><subfield code="a">45 p</subfield></datafield><datafield ind1=" " ind2=" " tag="490"><subfield code="a">Ph 59, Acta Polytechnica Scandinavica</subfield></datafield><datafield ind1=" " ind2=" " tag="852"><subfield code="a">532.517.4</subfield></datafield><datafield ind1=" " ind2=" " tag="CAT"><subfield code="a">SYS</subfield><subfield code="c">20170219</subfield><subfield code="h">233440</subfield></datafield></record></collection>